<?xml version="1.0" encoding="UTF-8"?><collection xmlns="http://www.loc.gov/MARC21/slim"><record><leader>00438nam--2200169-i-4500</leader><controlfield tag="001">000030093</controlfield><controlfield tag="002">20161230</controlfield><controlfield tag="005">20161230201038</controlfield><controlfield tag="008">060222s1000------------r-----000-0-rus-d</controlfield><datafield ind1=" " ind2=" " tag="040"><subfield code="a">IFIN-HH</subfield></datafield><datafield ind1=" " ind2=" " tag="041"><subfield code="a">rus</subfield></datafield><datafield ind1=" " ind2=" " tag="080"><subfield code="a">533.915.082</subfield></datafield><datafield ind1=" " ind2=" " tag="100"><subfield code="a">Pukianova, S.Iu</subfield></datafield><datafield ind1="1" ind2="0" tag="245"><subfield code="a">Diagnostika termoiadernoi plazmi</subfield><subfield code="c">S.Iu. Pukianova (Ed.)</subfield></datafield><datafield ind1=" " ind2=" " tag="260"><subfield code="a">Msokva</subfield><subfield code="b">Energoatomizdat</subfield><subfield code="c">1985</subfield></datafield><datafield ind1=" " ind2=" " tag="852"><subfield code="a">72955</subfield><subfield code="c">533.9</subfield></datafield><datafield ind1=" " ind2=" " tag="CAT"><subfield code="a">Sys</subfield><subfield code="c">20101001</subfield><subfield code="h">152653</subfield></datafield></record></collection>